@article{code1,
	title={Article Title},
	author={{A.} Firstauthor and {A.} Secondauthor},
	journal={Journal name},
	volume={1},
	pages={1--2},
	year={2023},
	publisher={Publisher}
 }

@INPROCEEDINGS{preprocessedSpeech,
  author={Jingzhao Dai and Yaan Zhang and Jintao Hou and Xiewen Wang and Lizhe Tan and Jean Jiang},
  booktitle={2019 IEEE International Conference on Electro Information Technology (EIT)}, 
  title={Sparse Wavelet Decomposition and Filter Banks with CNN Deep Learning for Speech Recognition}, 
  year={2019},
  volume={},
  number={},
  pages={098-103},
  doi={10.1109/EIT.2019.8833972}}

@INPROCEEDINGS{speechCNNTendstoBP,
  author={Yedid Hoshen and Ron J. Weiss and Kevin W. Wilson},
  booktitle={2015 IEEE International Conference on Acoustics, Speech and Signal Processing (ICASSP)}, 
  title={Speech acoustic modeling from raw multichannel waveforms}, 
  year={2015},
  volume={},
  number={},
  pages={4624-4628},
  doi={10.1109/ICASSP.2015.7178847}}


  @article{medFeatureDNNReview,
title = {A survey on incorporating domain knowledge into deep learning for medical image analysis},
journal = {Medical Image Analysis},
volume = {69},
pages = {101985},
year = {2021},
issn = {1361-8415},
doi = {https://doi.org/10.1016/j.media.2021.101985},
url = {https://www.sciencedirect.com/science/article/pii/S1361841521000311},
author = {Xiaozheng Xie and Jianwei Niu and Xuefeng Liu and Zhengsu Chen and Shaojie Tang and Shui Yu}
}

@article{ecgNoiseReview,
author = {Shubhojeet Chatterjee and Rini Smita Thakur and Ram Narayan Yadav and Lalita Gupta and Deepak Kumar Raghuvanshi},
title = {Review of noise removal techniques in ECG signals},
journal = {IET Signal Processing},
volume = {14},
number = {9},
pages = {569-590},
doi = {https://doi.org/10.1049/iet-spr.2020.0104},
url = {https://ietresearch.onlinelibrary.wiley.com/doi/abs/10.1049/iet-spr.2020.0104},
eprint = {https://ietresearch.onlinelibrary.wiley.com/doi/pdf/10.1049/iet-spr.2020.0104},
year = {2020}
}



@inbook{
ecgPractice, 
doi = {978-0-7020-4643-8},
author = {John R. Hampton},
title  = {The ECG In Practice},
year = 2013,
publisher = {Elsevier},
chapter = {The ECG in Healthy People}
}



@inbook{
invariants, 
doi = {10.1137/1.9781611972818.60},
author = {Gustavo E.A.P.A. Batista and Xiaoyue Wang and Eamonn J. Keogh},
title = {A Complexity-Invariant Distance Measure for Time Series},
chapter = {},
year = {2011},
publisher = {Proceedings of the 2011 SIAM International Conference on Data Mining (SDM), Society for Industrial and Applied Mathematics},
journal= {Proceedings of the 2011 SIAM international conference on data mining},
pages = {699-710},
doi = {10.1137/1.9781611972818.60},
URL = {https://epubs.siam.org/doi/abs/10.1137/1.9781611972818.60},

}
@ARTICLE{coupledECG,
  author={ P.E. McSharry and  G.D. Clifford and L. Tarassenko and L.A. Smith},
  journal={IEEE Transactions on Biomedical Engineering}, 
  title={A dynamical model for generating synthetic electrocardiogram signals}, 
  year={2003},
  volume={50},
  number={3},
  pages={289-294},
  doi={10.1109/TBME.2003.808805}}
 @inbook{cardioBook, place={London}, title={Chapter 3 - Conquering the ECG}, booktitle={Cardiology explained}, publisher={Remedica Medical Education and Publishing}, author={Ashley, Euan A. and Niebauer, Josef}, year={2004}} 

 @article{dogan_dogan_2023, title={A comprehensive review of computer-based techniques for R-peaks/QRS complex detection in ECG signal - archives of Computational methods in engineering}, url={https://link.springer.com/article/10.1007/s11831-023-09916-x}, journal={SpringerLink}, publisher={Springer Netherlands}, author={Dogan, Hulya and Dogan, Ramazan Ozgur}, year={2023}, month={Apr}} 


@INPROCEEDINGS{adaptThresh,
  author={Xiaomin Xu and Ying Liu},
  booktitle={2005 IEEE Engineering in Medicine and Biology 27th Annual Conference}, 
  title={Adaptive Threshold for QRS Complex Detection Based on Wavelet Transform}, 
  year={2005},
  volume={},
  number={},
  pages={7281-7284},
  doi={10.1109/IEMBS.2005.1616192}}

@article{singularECG,
author = {Sun, Yan and Chan, Kap and Krishnan, Shankar},
year = {2005},
month = {02},
pages = {28},
title = {Characteristic wave detection in ECG signal using morphological transform},
volume = {5},
journal = {BMC cardiovascular disorders},
doi = {10.1186/1471-2261-5-28}
}

 @article{ecgReview,
 title={Development of robust, fast and efficient QRS complex detector: a methodological review.},
 author = {Raj S, Ray KC, Shankar O.},
 journal = {Australas Phys Eng Sci Med.},
 year = {2018},
 doi ={10.1007/s13246-018-0670-7}
 }

 @article{
 dlECGReview,
author = {Petmezas, G and Stefanopoulos, L and Kilintzis, V and Tzavelis, A and Rogers, J and Katsaggelos, A and Maglaveras, N},
title = {State-of-the-Art Deep Learning Methods on Electrocardiogram Data: Systematic Review},
journal={JMIR Med Inform},
year = {2022},
doi = {10.2196/38454}
 }

 @article{
 stanfordML,
 author = {Hannun, Awni Y. and Rajpurkar, Pranav and Haghpanahi, Masoumeh and Tison, Geoffrey H. and Bourn, Codie and Turakhia, Mintu P. and Ng, Andrew Y.},
 year = {2019},
 title = {Cardiologist-level arrhythmia detection and classification in ambulatory electrocardiograms using a deep neural network},
 journal = {Nature Medicine},
 doi = {10.1038/s41591-018-0268-3}
 }
@article{afDetectComp,
author = {Šimaitytė - Butkuvienė, Monika and Petrėnas, Andrius and Sološenko, Andrius and Martin Yebra, Alba and Marozas, Vaidotas and Sornmo, Leif},
year = {2021},
month = {03},
pages = {1-1},
title = {Considerations on Performance Evaluation of Atrial Fibrillation Detectors},
volume = {PP},
journal = {IEEE Transactions on Biomedical Engineering},
doi = {10.1109/TBME.2021.3067698}
}

@article{PETRENAS2015184,
title = {Low-complexity detection of atrial fibrillation in continuous long-term monitoring},
journal = {Computers in Biology and Medicine},
volume = {65},
pages = {184-191},
year = {2015},
issn = {0010-4825},
doi = {https://doi.org/10.1016/j.compbiomed.2015.01.019},
url = {https://www.sciencedirect.com/science/article/pii/S0010482515000360},
author = {Andrius Petrėnas and Vaidotas Marozas and Leif Sörnmo}
}
 
@article{
despawn,
doi={10.1073/pnas.2106598119},
author = {Gabriel Michau  and Gaetan Frusque  and Olga Fink },
title = {Fully learnable deep wavelet transform for unsupervised monitoring of high-frequency time series},
journal = {Proceedings of the National Academy of Sciences},
volume = {119},
number = {8},
pages = {e2106598119},
year = {2022},
doi = {10.1073/pnas.2106598119},
URL = {https://www.pnas.org/doi/abs/10.1073/pnas.2106598119},
eprint = {https://www.pnas.org/doi/pdf/10.1073/pnas.2106598119}
}

@article{handCraftCNN,
author = {Lui, Hin Wai and Chow, King},
year = {2018},
month = {08},
pages = {},
title = {Multiclass classification of myocardial infarction with convolutional and recurrent neural networks for portable ECG devices},
volume = {13},
journal = {Informatics in Medicine Unlocked},
doi = {10.1016/j.imu.2018.08.002}
}

@article{invariantsWithDNN,
author = {Shen, Li and Wei, Yuning and Wang, Yangzhu},
year = {2022},
month = {07},
title = {Respecting Time Series Properties Makes Deep Time Series Forecasting Perfect},
journal = {arXiv preprint},
doi = {10.48550/arXiv.2207.10941}
}

@ARTICLE{dataset,
  author={Moody, G.B. and Mark, R.G.},
  journal={IEEE Engineering in Medicine and Biology Magazine}, 
  title={The impact of the MIT-BIH Arrhythmia Database}, 
  year={2001},
  volume={20},
  number={3},
  pages={45-50},
  doi={10.1109/51.932724}}


  @article{lim2021time,
  title={Time-series forecasting with deep learning: a survey},
  author={Lim, Bryan and Zohren, Stefan},
  journal={Philosophical Transactions of the Royal Society A},
  volume={379},
  number={2194},
  pages={20200209},
  year={2021},
  publisher={The Royal Society Publishing}
}
@article{gamboa2017deep,
  title={Deep learning for time-series analysis},
  author={Gamboa, John Cristian Borges},
  journal={arXiv preprint arXiv:1701.01887},
  year={2017}
}

@article{batista2014cid,
  title={CID: an efficient complexity-invariant distance for time series},
  author={Batista, Gustavo EAPA and Keogh, Eamonn J and Tataw, Oben Moses and De Souza, Vinicius MA},
  journal={Data Mining and Knowledge Discovery},
  volume={28},
  number={3},
  pages={634--669},
  year={2014},
  publisher={Springer}
}

@inproceedings{paparrizos2015k,
  title={k-shape: Efficient and accurate clustering of time series},
  author={Paparrizos, John and Gravano, Luis},
  booktitle={Proceedings of the 2015 ACM SIGMOD International Conference on Management of Data},
  pages={1855--1870},
  year={2015}
}

@article{de2022survey,
  title={A survey on Hilbert-Huang transform: Evolution, challenges and solutions},
  author={de Souza, Uender Barbosa and Escola, Jo{\~a}o Paulo Lemos and da Cunha Brito, Leonardo},
  journal={Digital Signal Processing},
  volume={120},
  pages={103292},
  year={2022},
  publisher={Elsevier}
}

@book{
huang2005t,
author={Huang,Norden E. and Shen,Samuel S. P.},
year={2005},
title={Hilbert-Huang transform and its applications},

publisher={World Scientific Publishing Co. Pte. Ltd},

address={Singapore},

volume={5},

isbn={9812563768;9789812563767;9812703349;9789812703347;},

language={English},
}

@INPROCEEDINGS{speechCNN,
  author={Eledath, Dhanya and Inbarajan, P. and Biradar, Anurag and Mahadeva, Sathwick and Ramasubramanian, V.},
  booktitle={2021 29th European Signal Processing Conference (EUSIPCO)}, 
  title={End-to-end speech recognition from raw speech: Multi time-frequency resolution CNN architecture for efficient representation learning}, 
  year={2021},
  volume={},
  number={},
  pages={536-540},
  doi={10.23919/EUSIPCO54536.2021.9616171}}


  @article{He2017Dec,
author = {He, Runnan and Wang, Kuanquan and Li, Qince and Yuan, Yongfeng and Zhao, Na and Liu, Yang and Zhang, Henggui},
title = {{A novel method for the detection of R-peaks in ECG based on K-Nearest Neighbors and Particle Swarm Optimization}},
journal = {EURASIP J. Adv. Signal Process.},
volume = {2017},
number = {1},
pages = {82--14},
year = {2017},
month = dec,
issn = {1687-6180},
publisher = {SpringerOpen},
doi = {10.1186/s13634-017-0519-3}
}
@article{D'Aloia2019Jan,
author = {D{'}Aloia, Matteo and Longo, Annalisa and Rizzi, Maria},
title = {{Noisy ECG Signal Analysis for Automatic Peak Detection}},
journal = {Information},
volume = {10},
number = {2},
pages = {35},
year = {2019},
month = jan,
issn = {2078-2489},
publisher = {Multidisciplinary Digital Publishing Institute},
doi = {10.3390/info10020035}
}
@article{Zahid2021Jun,
author = {Zahid, Muhammad Uzair and Kiranyaz, Serkan and Ince, Turker and Devecioglu, Ozer Can and Chowdhury, Muhammad E. H. and Khandakar, Amith and Tahir, Anas and Gabbouj, Moncef},
title = {{Robust R-Peak Detection in Low-Quality Holter ECGs Using 1D Convolutional Neural Network}},
journal = {IEEE Trans. Biomed. Eng.},
volume = {69},
number = {1},
pages = {119--128},
year = {2021},
month = jun,
issn = {1558-2531},
publisher = {IEEE},
doi = {10.1109/TBME.2021.3088218}
}

@InProceedings{polyApprox,
author="Weng, Julia Tzu-Ya
and Lin, Jyun-Jie
and Chen, Yi-Cheng
and Chang, Pei-Chann",
editor="Peng, Wen-Chih
and Wang, Haixun
and Bailey, James
and Tseng, Vincent S.
and Ho, Tu Bao
and Zhou, Zhi-Hua
and Chen, Arbee L.P.",
title="Myocardial Infarction Classification by Morphological Feature Extraction from Big 12-Lead ECG Data",
booktitle="Trends and Applications in Knowledge Discovery and Data Mining",
year="2014",
publisher="Springer International Publishing",
address="Cham",
pages="689--699",
isbn="978-3-319-13186-3"
}
@article{bradley2003shift,
  title={Shift-invariance in the discrete wavelet transform},
  author={Bradley, Andrew P},
  journal={Proceedings of VIIth Digital Image Computing: Techniques and Applications. Sydney},
  year={2003}
}


@article{KAPLANBERKAYA2018216,
title = {A survey on ECG analysis},
journal = {Biomedical Signal Processing and Control},
volume = {43},
pages = {216-235},
year = {2018},
issn = {1746-8094},
doi = {https://doi.org/10.1016/j.bspc.2018.03.003},
url = {https://www.sciencedirect.com/science/article/pii/S1746809418300636},
author = {Selcan {Kaplan Berkaya} and Alper Kursat Uysal and Efnan {Sora Gunal} and Semih Ergin and Serkan Gunal and M. Bilginer Gulmezoglu},
}

@article{Gupta2021Oct,
author = {Gupta, Varun and Mittal, Monika and Mittal, Vikas and Saxena, Nitin Kumar},
title = {{A Critical Review of Feature Extraction Techniques for ECG Signal Analysis}},
journal = {J. Inst. Eng. India. Ser. B},
volume = {102},
number = {5},
pages = {1049--1060},
year = {2021},
month = oct,
issn = {2250-2114},
publisher = {Springer India},
doi = {10.1007/s40031-021-00606-5}
}
@article{Napolitano2022Jan,
author = {Napolitano, Antonio},
title = {{Modeling the Electrocardiogram as Oscillatory Almost-Cyclostationary Process}},
journal = {IEEE Access},
volume = {10},
pages = {13193--13209},
year = {2022},
month = jan,
issn = {2169-3536},
publisher = {IEEE},
doi = {10.1109/ACCESS.2022.3147500}
}
@article{Wang2023Jan,
author = {Wang, Yue and Yang, Guanci and Li, Shaobo and Li, Yang and He, Ling and Liu, Dan},
title = {{Arrhythmia classification algorithm based on multi-head self-attention mechanism}},
journal = {Biomed. Signal Process. Control},
volume = {79},
pages = {104206},
year = {2023},
month = jan,
issn = {1746-8094},
publisher = {Elsevier},
doi = {10.1016/j.bspc.2022.104206}
}


@INPROCEEDINGS{shapeMatch2007,

  author={Syeda-Mahmood, Tanveer and Beymer, David and Wang, Fei},

  booktitle={2007 29th Annual International Conference of the IEEE Engineering in Medicine and Biology Society}, 

  title={Shape-based Matching of ECG Recordings}, 

  year={2007},

  volume={},

  number={},

  pages={2012-2018},

  doi={10.1109/IEMBS.2007.4352714}}
